@article{bechinger2016active,
  title={Active particles in complex and crowded environments},
  author={Bechinger, Clemens and Di Leonardo, Roberto and L{\"o}wen, Hartmut and Reichhardt, Charles and Volpe, Giorgio and Volpe, Giovanni},
  journal={Reviews of Modern Physics},
  volume={88},
  number={4},
  pages={045006},
  year={2016},
  publisher={APS}
}

@article{vicsek1995novel,
  title={Novel type of phase transition in a system of self-driven particles},
  author={Vicsek, Tam{\'a}s and Czir{\'o}k, Andr{\'a}s and Ben-Jacob, Eshel and Cohen, Inon and Shochet, Ofer},
  journal={Physical review letters},
  volume={75},
  number={6},
  pages={1226},
  year={1995},
  publisher={APS}
}

@book{stanley1971phase,
  title={Phase transitions and critical phenomena},
  author={Stanley, H Eugene},
  year={1971},
  publisher={Clarendon Press, Oxford}
}

@book{schweitzer2007brownian,
  title={Brownian agents and active particles: collective dynamics in the natural and social sciences},
  author={Schweitzer, Frank},
  year={2007},
  publisher={Springer}
}

@book{reynolds1987flocks,
  title={Flocks, herds and schools: A distributed behavioral model},
  author={Reynolds, Craig W},
  volume={21},
  number={4},
  year={1987},
  publisher={ACM}
}

@article{buhl2006disorder,
  title={From disorder to order in marching locusts},
  author={Buhl, Jerome and Sumpter, David JT and Couzin, Iain D and Hale, Joe J and Despland, Emma and Miller, Edgar R and Simpson, Steve J},
  journal={Science},
  volume={312},
  number={5778},
  pages={1402--1406},
  year={2006},
  publisher={American Association for the Advancement of Science}
}


@article{nilsson2017metastable,
  title={Metastable clusters and channels formed by active particles with aligning interactions},
  author={Nilsson, Simon and Volpe, Giovanni},
  journal={New Journal of Physics},
  volume={19},
  number={11},
  pages={115008},
  year={2017},
  publisher={IOP Publishing}
}

@article{tarantino2014tnf,
  title={TNF and IL-1 exhibit distinct ubiquitin requirements for inducing NEMO--IKK supramolecular structures},
  author={Tarantino, Nadine and Tinevez, Jean-Yves and Crowell, Elizabeth Faris and Boisson, Bertrand and Henriques, Ricardo and Mhlanga, Musa and Agou, Fabrice and Isra{\"e}l, Alain and Laplantine, Emmanuel},
  journal={J Cell Biol},
  volume={204},
  number={2},
  pages={231--245},
  year={2014},
  publisher={Rockefeller University Press}
}



@article{volpe2014simulation,
  title={Simulation of the active Brownian motion of a microswimmer},
  author={Volpe, Giorgio and Gigan, Sylvain and Volpe, Giovanni},
  journal={American Journal of Physics},
  volume={82},
  number={7},
  pages={659--664},
  year={2014},
  publisher={American Association of Physics Teachers}
}

@article{ebbens2010pursuit,
  title={In pursuit of propulsion at the nanoscale},
  author={Ebbens, Stephen J and Howse, Jonathan R},
  journal={Soft Matter},
  volume={6},
  number={4},
  pages={726--738},
  year={2010},
  publisher={Royal Society of Chemistry}
}


@article{poon2013clarkia,
  title={From Clarkia to Escherichia and Janus: The physics of natural and synthetic active colloids},
  author={Poon, WCK},
  journal={Proc. Int. Sch. Phys. Enrico Fermi},
  volume={184},
  pages={317--386},
  year={2013}
}

@book{berg2008coli,
  title={E. coli in Motion},
  author={Berg, Howard C},
  year={2008},
  publisher={Springer Science \& Business Media}
}

@article{ford2007role,
  title={Role of chemotaxis in the transport of bacteria through saturated porous media},
  author={Ford, Roseanne M and Harvey, Ronald W},
  journal={Advances in Water Resources},
  volume={30},
  number={6-7},
  pages={1608--1617},
  year={2007},
  publisher={Elsevier}
}

@article{chate2008modeling,
  title={Modeling collective motion: variations on the Vicsek model},
  author={Chat{\'e}, Hugues and Ginelli, Francesco and Gr{\'e}goire, Guillaume and Peruani, Fernando and Raynaud, Franck},
  journal={The European Physical Journal B},
  volume={64},
  number={3},
  pages={451--456},
  year={2008},
  publisher={Springer}
}

@article{grossmann2013self,
  title={Self-propelled particles with selective attraction--repulsion interaction: from microscopic dynamics to coarse-grained theories},
  author={Grossmann, Robert and Schimansky-Geier, Lutz and Romanczuk, Pawel},
  journal={New Journal of Physics},
  volume={15},
  number={8},
  pages={085014},
  year={2013},
  publisher={IOP Publishing}
}

@article{barberis2016large,
  title={Large-scale patterns in a minimal cognitive flocking model: incidental leaders, nematic patterns, and aggregates},
  author={Barberis, Lucas and Peruani, Fernando},
  journal={Physical review letters},
  volume={117},
  number={24},
  pages={248001},
  year={2016},
  publisher={APS}
}


@article{mijalkov2016engineering,
  title={Engineering sensorial delay to control phototaxis and emergent collective behaviors},
  author={Mijalkov, Mite and McDaniel, Austin and Wehr, Jan and Volpe, Giovanni},
  journal={Physical Review X},
  volume={6},
  number={1},
  pages={011008},
  year={2016},
  publisher={APS}
}

@article{volpe2016effective,
  title={Effective drifts in dynamical systems with multiplicative noise: a review of recent progress},
  author={Volpe, Giovanni and Wehr, Jan},
  journal={Reports on Progress in Physics},
  volume={79},
  number={5},
  pages={053901},
  year={2016},
  publisher={IOP Publishing}
}

@article{matsui2017noise,
  title={Noise induced phase separation in active systems: Creating patterns with noise},
  author={Matsui, Kosuke and Molina, John J},
  journal={arXiv preprint arXiv:1702.02379},
  year={2017}
}

@article{cambui2017finite,
  title={Finite-size effects in simulations of self-propelled particles system},
  author={Cambui, Dorilson S and Godoy, M and de Arruda, AS},
  journal={Physica A: Statistical Mechanics and its Applications},
  volume={467},
  pages={129--136},
  year={2017},
  publisher={Elsevier}
}

@article{ramaswamy2010mechanics,
  title={The mechanics and statistics of active matter},
  author={Ramaswamy, Sriram},
  year={2010},
  publisher={Annual Reviews}
}

@article{lauga2009hydrodynamics,
  title={The hydrodynamics of swimming microorganisms},
  author={Lauga, Eric and Powers, Thomas R},
  journal={Reports on Progress in Physics},
  volume={72},
  number={9},
  pages={096601},
  year={2009},
  publisher={IOP Publishing}
}

@article{cates2012diffusive,
  title={Diffusive transport without detailed balance in motile bacteria: does microbiology need statistical physics?},
  author={Cates, Michael E},
  journal={Reports on Progress in Physics},
  volume={75},
  number={4},
  pages={042601},
  year={2012},
  publisher={IOP Publishing}
}


@book{viswanathan2011physics,
  title={The physics of foraging: an introduction to random searches and biological encounters},
  author={Viswanathan, Gandhimohan M and Da Luz, Marcos GE and Raposo, Ernesto P and Stanley, H Eugene},
  year={2011},
  publisher={Cambridge University Press}
}

@article{babivc2005colloids,
  title={Colloids as model systems for problems in statistical physics},
  author={Babi{\v{c}}, Du{\v{s}}an and Schmitt, Carmen and Bechinger, Clemens},
  journal={Chaos: An Interdisciplinary Journal of Nonlinear Science},
  volume={15},
  number={2},
  pages={026114},
  year={2005},
  publisher={American Institute of Physics}
}

@article{brambilla2013swarm,
  title={Swarm robotics: a review from the swarm engineering perspective},
  author={Brambilla, Manuele and Ferrante, Eliseo and Birattari, Mauro and Dorigo, Marco},
  journal={Swarm Intelligence},
  volume={7},
  number={1},
  pages={1--41},
  year={2013},
  publisher={Springer}
}


@article{helbing2001traffic,
  title={Traffic and related self-driven many-particle systems},
  author={Helbing, Dirk},
  journal={Reviews of modern physics},
  volume={73},
  number={4},
  pages={1067},
  year={2001},
  publisher={APS}
}

@article{marchetti2013hydrodynamics,
  title={Hydrodynamics of soft active matter},
  author={Marchetti, M Cristina and Joanny, Jean-Fran{\c{c}}ois and Ramaswamy, Sriram and Liverpool, Tanniemola B and Prost, Jacques and Rao, Madan and Simha, R Aditi},
  journal={Reviews of Modern Physics},
  volume={85},
  number={3},
  pages={1143},
  year={2013},
  publisher={APS}
}

@article{wang2012nano,
  title={Nano/microscale motors: biomedical opportunities and challenges},
  author={Wang, Joseph and Gao, Wei},
  journal={ACS nano},
  volume={6},
  number={7},
  pages={5745--5751},
  year={2012},
  publisher={ACS Publications}
}

@article{nelson2010microrobots,
  title={Microrobots for minimally invasive medicine},
  author={Nelson, Bradley J and Kaliakatsos, Ioannis K and Abbott, Jake J},
  journal={Annual review of biomedical engineering},
  volume={12},
  pages={55--85},
  year={2010},
  publisher={Annual Reviews}
}


@article{patra2013intelligent,
  title={Intelligent, self-powered, drug delivery systems},
  author={Patra, Debabrata and Sengupta, Samudra and Duan, Wentao and Zhang, Hua and Pavlick, Ryan and Sen, Ayusman},
  journal={Nanoscale},
  volume={5},
  number={4},
  pages={1273--1283},
  year={2013},
  publisher={Royal Society of Chemistry}
}

@article{gao2014environmental,
  title={The environmental impact of micro/nanomachines: a review},
  author={Gao, Wei and Wang, Joseph},
  journal={Acs Nano},
  volume={8},
  number={4},
  pages={3170--3180},
  year={2014},
  publisher={ACS Publications}
}

@article{ebbens2016active,
  title={Active colloids: Progress and challenges towards realising autonomous applications},
  author={Ebbens, SJ},
  journal={Current opinion in colloid \& interface science},
  volume={21},
  pages={14--23},
  year={2016},
  publisher={Elsevier}
}


@article{abdelmohsen2014micro,
  title={Micro-and nano-motors for biomedical applications},
  author={Abdelmohsen, Loai KEA and Peng, Fei and Tu, Yingfeng and Wilson, Daniela A},
  journal={Journal of Materials Chemistry B},
  volume={2},
  number={17},
  pages={2395--2408},
  year={2014},
  publisher={Royal Society of Chemistry}
}

@article{czirok1996formation,
  title={Formation of complex bacterial colonies via self-generated vortices},
  author={Czir{\'o}k, Andr{\'a}s and Ben-Jacob, Eshel and Cohen, Inon and Vicsek, Tam{\'a}s},
  journal={Physical Review E},
  volume={54},
  number={2},
  pages={1791},
  year={1996},
  publisher={APS}
}

@article{palacci2013living,
  title={Living crystals of light-activated colloidal surfers},
  author={Palacci, Jeremie and Sacanna, Stefano and Steinberg, Asher Preska and Pine, David J and Chaikin, Paul M},
  journal={Science},
  volume={339},
  number={6122},
  pages={936--940},
  year={2013},
  publisher={American Association for the Advancement of Science}
}


@article{theurkauff2012dynamic,
  title={Dynamic clustering in active colloidal suspensions with chemical signaling},
  author={Theurkauff, Isaac and Cottin-Bizonne, C{\'e}cile and Palacci, J{\'e}r{\'e}mie and Ybert, Christophe and Bocquet, Lydric},
  journal={Physical review letters},
  volume={108},
  number={26},
  pages={268303},
  year={2012},
  publisher={APS}
}

@article{ginot2015nonequilibrium,
  title={Nonequilibrium equation of state in suspensions of active colloids},
  author={Ginot, F{\'e}lix and Theurkauff, Isaac and Levis, Demian and Ybert, Christophe and Bocquet, Lyd{\'e}ric and Berthier, Ludovic and Cottin-Bizonne, C{\'e}cile},
  journal={Physical Review X},
  volume={5},
  number={1},
  pages={011004},
  year={2015},
  publisher={APS}
}


@article{morin2017distortion,
  title={Distortion and destruction of colloidal flocks in disordered environments},
  author={Morin, Alexandre and Desreumaux, Nicolas and Caussin, Jean-Baptiste and Bartolo, Denis},
  journal={Nature Physics},
  volume={13},
  number={1},
  pages={63--67},
  year={2017},
  publisher={Nature Publishing Group}
}

@article{toner2005hydrodynamics,
  title={Hydrodynamics and phases of flocks},
  author={Toner, John and Tu, Yuhai and Ramaswamy, Sriram},
  journal={Annals of Physics},
  volume={318},
  number={1},
  pages={170--244},
  year={2005},
  publisher={Elsevier}
}

@article{li2008minimal,
  title={Minimal mechanisms for school formation in self-propelled particles},
  author={Li, Yue-Xian and Lukeman, Ryan and Edelstein-Keshet, Leah},
  journal={Physica D: Nonlinear Phenomena},
  volume={237},
  number={5},
  pages={699--720},
  year={2008},
  publisher={Elsevier}
}


@article{bertin2009hydrodynamic,
  title={Hydrodynamic equations for self-propelled particles: microscopic derivation and stability analysis},
  author={Bertin, Eric and Droz, Michel and Gr{\'e}goire, Guillaume},
  journal={Journal of Physics A: Mathematical and Theoretical},
  volume={42},
  number={44},
  pages={445001},
  year={2009},
  publisher={IOP Publishing}
}

@misc{hexbug, 
    title={HEXBUG nano® (random color)}, 
    url={https://www.hexbug.com/hexbug-nano-single.html#description}, 
    journal={HEXBUG}
}


@misc{www.alibaba.com, 
    title={Christmas Festical Trick Toy Solar Energy Moving Bug - Buy Solar Energy Moving Bug,Christmas Trick Toy,Solar Toy Product on Alibaba.com}, url={https://www.alibaba.com/product-detail/Christmas-Festical-Trick-Toy-Solar-Energy_60167590085.html?spm=a2700.details.deiletai6.1.77d5104dMQu7Bq}, 
    journal={www.alibaba.com}
}


@article{peruani2008individual,
  title={From individual to collective motion of self-propelled particles: The role of particle shape, orientational ordering and clustering},
  author={Peruani, Fernando},
  year={2008}
}

@article{paxton2004catalytic,
  title={Catalytic nanomotors: autonomous movement of striped nanorods},
  author={Paxton, Walter F and Kistler, Kevin C and Olmeda, Christine C and Sen, Ayusman and St. Angelo, Sarah K and Cao, Yanyan and Mallouk, Thomas E and Lammert, Paul E and Crespi, Vincent H},
  journal={Journal of the American Chemical Society},
  volume={126},
  number={41},
  pages={13424--13431},
  year={2004},
  publisher={ACS Publications}
}

@misc{victure, title={AC200}, 
    url={https://www.govicture.com/ac200}, 
    journal={victure}
}

@misc{victure_amazon,                                 url={https://www.amazon.co.uk/Victure-Actioncam-Waterproof-Underwater-Accessories-1080P/dp/B06XKZ6VH4}, 
journal={Amazon.co.uk}
}

@article{meunier2009hierarchical,
  title={Hierarchical modularity in human brain functional networks},
  author={Meunier, David and Lambiotte, Renaud and Fornito, Alex and Ersche, Karen and Bullmore, Edward T},
  journal={Frontiers in neuroinformatics},
  volume={3},
  pages={37},
  year={2009},
  publisher={Frontiers}
}

@article{hmelo2006understanding,
  title={Understanding complex systems: Some core challenges},
  author={Hmelo-Silver, Cindy E and Azevedo, Roger},
  journal={The Journal of the learning sciences},
  volume={15},
  number={1},
  pages={53--61},
  year={2006},
  publisher={Taylor \& Francis}
}

@article{romanczuk2012active,
  title={Active brownian particles},
  author={Romanczuk, Pawel and B{\"a}r, Markus and Ebeling, Werner and Lindner, Benjamin and Schimansky-Geier, Lutz},
  journal={The European Physical Journal Special Topics},
  volume={202},
  number={1},
  pages={1--162},
  year={2012},
  publisher={Springer}
}

@article{reimann2002brownian,
  title={Brownian motors: noisy transport far from equilibrium},
  author={Reimann, Peter},
  journal={Physics reports},
  volume={361},
  number={2-4},
  pages={57--265},
  year={2002},
  publisher={Elsevier}
}

@article{friedrich2007chemotaxis,
  title={Chemotaxis of sperm cells},
  author={Friedrich, Benjamin M and J{\"u}licher, Frank},
  journal={Proceedings of the National Academy of Sciences},
  volume={104},
  number={33},
  pages={13256--13261},
  year={2007},
  publisher={National Acad Sciences}
}


@article{selmeczi2008cell,
  title={Cell motility as random motion: A review},
  author={Selmeczi, D{\'a}vid and Li, Liwen and Pedersen, Lykke II and Nrrelykke, SF and Hagedorn, Peter H and Mosler, Stephan and Larsen, Niels B and Cox, Edward C and Flyvbjerg, Henrik},
  journal={The European Physical Journal Special Topics},
  volume={157},
  number={1},
  pages={1--15},
  year={2008},
  publisher={Springer}
}

@article{boedeker2010quantitative,
  title={Quantitative analysis of random ameboid motion},
  author={Boedeker, Hendrik Ulrich and Beta, Carsten and Frank, Till D and Bodenschatz, Eberhard},
  journal={EPL (Europhysics Letters)},
  volume={90},
  number={2},
  pages={28005},
  year={2010},
  publisher={IOP Publishing}
}

@article{kareiva1983analyzing,
  title={Analyzing insect movement as a correlated random walk},
  author={Kareiva, PM and Shigesada, N},
  journal={Oecologia},
  volume={56},
  number={2-3},
  pages={234--238},
  year={1983},
  publisher={Springer}
}

@article{komin2004random,
  title={Random walk theory applied to Daphnia motion},
  author={Komin, Niko and Erdmann, Udo and Schimansky-Geier, Lutz},
  journal={Fluctuation and Noise letters},
  volume={4},
  number={01},
  pages={L151--L159},
  year={2004},
  publisher={World Scientific}
}



@article{howse2007self,
  title={Self-motile colloidal particles: from directed propulsion to random walk},
  author={Howse, Jonathan R and Jones, Richard AL and Ryan, Anthony J and Gough, Tim and Vafabakhsh, Reza and Golestanian, Ramin},
  journal={Physical review letters},
  volume={99},
  number={4},
  pages={048102},
  year={2007},
  publisher={APS}
}



@article{schweitzer1998complex,
	title={Complex motion of Brownian particles with energy depots},
	author={Schweitzer, Frank and Ebeling, Werner and Tilch, Benno},
	journal={Physical Review Letters},
	volume={80},
	number={23},
	pages={5044},
	year={1998},
	publisher={APS}
}



@article{ebeling1999active,
	title={Active Brownian particles with energy depots modeling animal mobility},
	author={Ebeling, Werner and Schweitzer, Frank and Tilch, Benno},
	journal={BioSystems},
	volume={49},
	number={1},
	pages={17--29},
	year={1999},
	publisher={Elsevier}
}


@article{erdmann2003collective,
	title={Collective motion of Brownian particles with hydrodynamic interactions},
	author={Erdmann, Udo and Ebeling, Werner},
	journal={Fluctuation and Noise Letters},
	volume={3},
	number={02},
	pages={L145--L154},
	year={2003},
	publisher={World Scientific}
}


@book{schweitzer2003brownian,
	title={Brownian agents and active particles: collective dynamics in the natural and social sciences},
	author={Schweitzer, Frank},
	year={2003},
	publisher={Springer Science \& Business Media}
}

@article{romanczuk2008beyond,
	title={Beyond the keller-segel model},
	author={Romanczuk, P and Erdmann, U and Engel, H and Schimansky-Geier, L},
	journal={The European Physical Journal Special Topics},
	volume={157},
	number={1},
	pages={61--77},
	year={2008},
	publisher={Springer}
}
