@article{lin2018collective,
  title={Collective motion and dynamic self-assembly of colloid motors},
  author={Lin, Zhihua and Gao, Changyong and Chen, Meiling and Lin, Xiankun and He, Qiang},
  journal={Current opinion in colloid \& interface science},
  volume={35},
  pages={51--58},
  year={2018},
  publisher={Elsevier}
}

@inproceedings{reynolds1987flocks,
  title={Flocks, herds and schools: A distributed behavioral model},
  author={Reynolds, Craig W},
  booktitle={Proceedings of the 14th annual conference on Computer graphics and interactive techniques},
  pages={25--34},
  year={1987}
}

@article{vicsek1995novel,
  title={Novel type of phase transition in a system of self-driven particles},
  author={Vicsek, Tam{\'a}s and Czir{\'o}k, Andr{\'a}s and Ben-Jacob, Eshel and Cohen, Inon and Shochet, Ofer},
  journal={Physical review letters},
  volume={75},
  number={6},
  pages={1226},
  year={1995},
  publisher={APS}
}